<?xml version="1.0" encoding="UTF-8"?><collection xmlns="http://www.loc.gov/MARC21/slim"><record><leader>00457nam--2200181-i-4500</leader><controlfield tag="001">000009909</controlfield><controlfield tag="002">20161230</controlfield><controlfield tag="005">20161230201028</controlfield><controlfield tag="008">060222s1000------------r-----000-0-eng-d</controlfield><datafield ind1=" " ind2=" " tag="040"><subfield code="a">IFIN-HH</subfield></datafield><datafield ind1=" " ind2=" " tag="080"><subfield code="a">538.632</subfield></datafield><datafield ind1="1" ind2=" " tag="100"><subfield code="a">Wieder, H.H</subfield></datafield><datafield ind1="1" ind2="0" tag="245"><subfield code="a">Hall generators and magnetoresistors</subfield><subfield code="c">H.h. wieder</subfield></datafield><datafield ind1=" " ind2=" " tag="260"><subfield code="a">London</subfield><subfield code="b">Pion Ltd</subfield><subfield code="c">1971</subfield></datafield><datafield ind1=" " ind2=" " tag="300"><subfield code="a">164P</subfield></datafield><datafield ind1=" " ind2=" " tag="490"><subfield code="a">Appleid Physics Series, 6</subfield></datafield><datafield ind1=" " ind2=" " tag="852"><subfield code="a">34545</subfield><subfield code="c">53</subfield></datafield><datafield ind1=" " ind2=" " tag="CAT"><subfield code="a">Sys</subfield><subfield code="c">20150310</subfield><subfield code="h">094657</subfield></datafield></record></collection>